2147 3724
825 181 1166 222 TERTrvs
1738 176 1792 227 81

149 290 278 341 atque
293 271 594 322 munificentiae
608 287 891 318 monumenta
905 271 1076 335 publice
1089 272 1380 338 priuatimque
1396 273 1696 343 reliquit.lncle
1710 298 1787 328 ve-

151 363 197 393 re
211 363 329 393 nouo
346 346 539 389 Romam
555 337 614 385 est
627 336 844 403 profe6ius
862 376 870 383 .
889 341 988 386 Nec
999 340 1138 403 multo
1153 341 1248 404 post
1263 344 1442 397 lulianus
1474 343 1605 391 frater
1618 348 1788 395 diutur-

148 419 213 460 nis
229 427 315 476 atq.
331 408 510 456 tabificis
525 404 715 453 febribus
741 403 1012 451 conflaturus
1030 408 1257 454 Florentiae
1276 417 1474 462 moritur,
1492 410 1680 477 benigno
1697 414 1786 461 ele-

146 485 350 546 gantique
364 478 538 539 ingenio
553 477 643 525 vir,
656 469 868 517 modestia
883 475 1098 533 imprimis
1113 477 1152 519 ὅ(
1169 475 1281 520 ciuili
1297 484 1501 522 comitate
1521 478 1777 528 Floremjms

146 546 352 595 omnibus
365 543 496 605 longe
510 539 879 606 gratilsimus.H1c
892 537 1049 585 nullam
1063 556 1112 584 ex
1131 539 1331 587 Filiberta
1346 560 1497 596 vxore,
1509 547 1615 592 Fran
1625 548 1716 595 cisci
1733 567 1781 596 re

143 621 210 682 gis
223 616 355 660 amita
365 608 534 676 prolem
548 605 736 671 suscepit:
747 603 944 651 steterant
958 608 1094 652 Leoni
1109 624 1164 652 eae
1181 612 1337 670 nuptia=
1349 624 1519 654 centum
1536 615 1574 657 ὅ(
1590 619 1782 678 quinqua

143 687 263 750 ginta
277 677 449 725 milibus
463 678 600 722 aureis
615 710 626 726 ,
643 689 775 738 quum
790 689 886 718 eam
911 670 995 721 sine
1009 671 1114 719 dote
1130 678 1295 737 penitus
1310 673 1590 722 nobilitanda·
1607 677 1778 728 familiae

145 746 268 798 causa
281 745 518 812 plurimum
533 738 870 807 appetiffet.Nec
884 738 1024 786 multo
1037 738 1132 804 post
1147 758 1194 787 ea
1208 758 1306 788 cum
1323 747 1444 787 omni
1461 744 1626 790 mundo
1642 746 1776 794 mulie

143 816 212 865 bri
238 808 624 877 pretiosissimisque
648 804 872 870 infignium
897 823 1169 870 gemmarum
1197 807 1431 854 monilibus
1455 814 1496 855 in
1514 810 1699 858 Galliam
1716 813 1773 861 ad

143 883 419 932 Ludouicam
435 877 630 924 sororem
646 871 874 921 transmissa
887 871 946 919 est
959 910 970 921 .
987 875 1171 921 Mortuo
1183 873 1347 921 Iuliano
1363 879 1611 924 Laurentius
1631 876 1779 927 fratris

144 951 256 1002 filius
270 945 537 996 Etruscarum
552 958 697 989 rerum
712 944 945 1005 imperium
960 939 1208 1005 suscepit,ita
1222 940 1420 989 costit-uta
1435 943 1667 1009 republica,
1681 965 1778 1013 quae

144 1014 509 1068 amicissimorum
535 1013 694 1058 ciuium
718 1006 924 1055 industria
954 1007 1183 1071 regebatur
1202 1046 1215 1064 ,
1236 1025 1281 1056 vt
1305 1008 1469 1058 summa
1493 1011 1774 1063 consiliorum

143 1088 346 1135 omnium
361 1083 384 1127 e*
396 1080 539 1128 senatu
553 1075 608 1124 ad
622 1093 724 1123 eum
737 1092 872 1122 vnum
885 1079 1070 1122 omnino
1083 1075 1524 1141 respicerent.Aderat
1540 1082 1778 1129 Laurentio

142 1167 280 1202 mater
299 1143 653 1200 Alsonfina,virili
668 1157 781 1192 certe
790 1141 1117 1208 prudentia,sed
1131 1161 1257 1191 auara
1272 1147 1312 1191 &
1327 1161 1545 1210 nunquam
1575 1145 1601 1193 fi
1608 1166 1659 1194 ne
1671 1166 1776 1215 que-

141 1218 234 1270 rela
247 1215 531 1265 mulier.Haec
545 1210 695 1260 efferre
708 1209 1017 1274 filium,augere
1029 1217 1133 1258 item
1147 1210 1301 1276 opibus
1317 1212 1646 1279 accessioneque
1659 1220 1775 1263 maxi

140 1304 216 1337 me
227 1284 350 1334 alieni
364 1284 624 1349 principatus
638 1295 751 1326 caeca
763 1275 1002 1327 ambitione
1016 1277 1492 1344 cupiebat.1ungebatur
1503 1280 1655 1328 finibus
1673 1285 1777 1333 Etru

143 1360 219 1405 riae
244 1348 488 1400 Franciscus
504 1349 645 1394 Maria
659 1344 852 1394 Vrbinas
867 1345 1035 1408 regulus
1050 1348 1074 1392 e*
1099 1347 1303 1393 Rouerea
1328 1346 1488 1393 familia
1512 1366 1552 1394 in
1571 1348 1777 1399 Feltriam

142 1413 648 1486 adoptatu5‚quibusdam
662 1413 716 1460 de
728 1410 859 1460 caufis
871 1411 1077 1476 suspeetus
1092 1415 1130 1459 ὅ(
1144 1411 1297 1459 inuisus
1312 1413 1476 1481 potifici
1487 1433 1645 1479 graues
1660 1424 1779 1466 enim

143 1489 310 1554 aliquot
323 1482 585 1532 offensiones.
597 1478 925 1528 intercesserant:
935 1481 1052 1525 Nam
1066 1498 1121 1526 eo
1136 1495 1334 1542 tempore
1349 1499 1435 1545 quo
1448 1482 1625 1529 Feltrius
1640 1483 1712 1530 sub
1728 1487 1777 1532 Iu

142 1556 206 1607 lio
218 1568 373 1621 patruo
386 1547 620 1615 pontificiis
635 1552 772 1612 copiis
787 1548 999 1592 Bononiae
1011 1547 1429 1611 praeeratAEtt-ufcam
1445 1549 1776 1615 expeditionem

144 1618 469 1687 suscipientibus
482 1615 696 1662 Mediceis
708 1650 718 1666 ‚
734 1631 809 1660 eos
835 1630 976 1678 neque
987 1613 1125 1660 milite
1137 1630 1274 1677 neque
1289 1621 1516 1661 tormentis
1533 1618 1777 1680 neque-vilo

144 1691 335 1754 denique
348 1684 475 1732 alacri
489 1681 632 1730 studio
645 1679 712 1727 vel
725 1680 967 1745 suppliciter
975 1681 1150 1729 'orantes
1163 1681 1464 1743 adiuuissquod
1480 1680 1545 1726 his
1558 1683 1685 1729 rebus
1699 1684 1777 1734 sibi

145 1773 258 1824 opus
272 1752 352 1802 else
366 1748 660 1803 diceret,adeb
673 1762 716 1792 vt
729 1763 1000 1811 nequaquam
1016 1743 1187 1792 occulte
1201 1745 1418 1793 Soderino
1441 1746 1610 1794 studere
1624 1750 1777 1799 videre

146 1825 444 1872 tur.Proxime
454 1818 800 1879 verbingruente
811 1817 852 1858 in
867 1811 1032 1858 ltaliam
1048 1812 1273 1860 Francisco
1286 1831 1388 1877 rege
1401 1850 1411 1868 ‚
1427 1831 1559 1882 quum
1586 1815 1778 1881 legatum

145 1890 313 1940 Iuliano
335 1885 548 1933 sciturum
573 1896 749 1946 accepta
763 1883 944 1944 pecunia
958 1878 1211 1943 promififfet
1225 1916 1237 1931 ,
1252 1897 1307 1927 eo
1321 1880 1502 1928 demum
1524 1881 1647 1931 febre
1660 1885 1780 1951 apud

146 1958 416 2006 Florentiam
431 1955 472 1997 in
486 1954 639 1997 itinere
652 1962 1018 2012 corrept0‚totum
1034 1947 1082 1993 id
1095 1964 1249 1993 munus
1263 1965 1361 1994 recu
1369 1947 1486 1995 fauit:
1506 1968 1646 2016 neque
1656 1959 1780 2019 equi-

145 2041 284 2073 tatum
299 2037 431 2087 quem
446 2015 647 2065 ductabat
662 2013 990 2080 amplissimum
1005 2013 1194 2062 Galliam
1209 2015 1472 2081 Cisalpinam
1487 2016 1600 2065 misit
1611 2057 1624 2073 ,
1639 2037 1778 2085 quum

143 2093 310 2141 diceret
322 2105 410 2134 non
425 2083 504 2133 effe
517 2100 702 2149 aequum,
715 2097 760 2128 vt
775 2083 979 2128 Lautetio
994 2081 1410 2148 imperitoelatoque
1424 2088 1568 2131 iuueni
1585 2104 1777 2149 pareret,

145 2156 324 2225 quando
345 2153 431 2221 ipse
444 2167 568 2200 antea
589 2152 866 2216 imperatoris
886 2147 1033 2195 titulos
1047 2147 1144 2195 effet
1160 2148 1427 2204 consecutus,
1443 2151 1649 2199 demisisse
1662 2159 1782 2203 enim

143 2227 187 2276 se
200 2224 384 2273 libenter
397 2238 496 2269 cum
520 2219 660 2283 aliqua
676 2216 894 2282 dignitatis
906 2214 1313 2280 existimationisque
1338 2220 1495 2264 ia&ura
1509 2255 1520 2272 ,
1534 2218 1603 2266 sed
1620 2219 1782 2269 dediffe

148 2293 197 2342 id
207 2294 343 2340 veteri
357 2292 557 2336 amicitiae
570 2283 845 2338 Iuliani,cum
859 2300 953 2347 quo.
963 2296 1142 2346 propter
1157 2287 1262 2328 mite
1277 2288 1316 2328 in
1321 2284 1781 2353 genium‚facilemque

150 2375 350 2409 naturam
361 2357 402 2404 se
414 2357 646 2419 imperium
661 2369 711 2398 ex
726 2367 850 2414 aequo
863 2353 1119 2412 partiturum
1132 2347 1340 2412 speraffet.
1379 2353 1588 2397 Horatius
1601 2370 1781 2420 quoque

150 2432 244 2475 eius
257 2422 394 2472 scriba
405 2423 459 2470 ad
469 2421 633 2469 famam
646 2422 759 2481 regis
772 2414 932 2463 bellum
946 2419 1135 2478 parantis
1150 2419 1192 2459 in
1209 2413 1396 2462 Galliam
1411 2415 1631 2481 profe&us
1644 2419 1717 2467 sub
1732 2421 1780 2472 id

151 2508 325 2557 tempus
339 2488 453 2538 forte
464 2489 650 2536 redierat
663 2521 675 2532 .
688 2484 808 2549 Qae
819 2498 884 2528 res
897 2499 986 2527 non
1001 2484 1197 2544 exiguam
1212 2480 1491 2547 suspicionem
1506 2491 1655 2533 animo
1671 2491 1784 2537 Leo.

153 2566 222 2609 nis
234 2563 436 2606 iniecerat
447 2594 463 2612 ,
475 2554 595 2621 quod
609 2558 782 2599 timeret
795 2566 895 2597 eum
908 2553 950 2595 in
965 2549 1114 2594 medio
1140 2547 1238 2594 belli
1252 2566 1462 2613 apparatu⁴
1474 2551 1503 2602 ὲ,
1515 2552 1649 2599 Gallis
1663 2553 1783 2605 fuisse

155 2641 414 2692 corruptum
428 2659 440 2678 ,
452 2637 641 2688 quorum
656 2621 891 2666 amicitiam
902 2630 1028 2682 atque
1039 2612 1250 2680 stipendia
1272 2615 1492 2680 superiore
1503 2633 1702 2687 tempore
1713 2622 1784 2672 vel

156 2709 311 2743 contra
325 2689 479 2738 lulium
507 2702 706 2752 patruum
720 2681 955 2750 appetiss'et:
968 2680 1092 2730 misso
1104 2681 1257 2730 scilicet
1270 2689 1312 2730 in
1329 2683 1515 2732 Galliam
1530 2685 1786 2739 vites-iorem

156 2757 398 2810 Balthasare
413 2753 680 2807 Casteleoni,
691 2752 759 2800 sub
772 2751 816 2798 id
831 2748 922 2797 fere
935 2766 1217 2815 tempusquo
1229 2751 1282 2797 ad
1297 2750 1660 2808 Rhauennamest
1672 2756 1785 2806 dimi

157 2839 367 2881 catum,vt
379 2842 479 2872 cum
493 2820 724 2869 Ludouico
737 2835 838 2883 rege
852 2833 966 2865 certa
977 2835 1103 2865 annui
1120 2816 1316 2883 stipendii
1330 2819 1593 2868 conditione<
1609 2826 1788 2888 iungere

157 2911 336 2960 turzquo
361 2907 560 2954 tempore
572 2892 701 2936 etiam
716 2905 794 2934 nec
808 2886 899 2932 satis
913 2902 1052 2931 tutum
1067 2890 1147 2931 iter
1161 2883 1397 2950 praebuiffet
1408 2905 1487 2952 per
1501 2887 1787 2944 Vrbinatium

159 2964 266 3012 fines
281 2957 531 3026 quibusdam
546 2954 776 3022 pontificiis
792 2951 971 3000 ducibus
986 2951 1273 3000 Rliauennam
1300 2954 1663 3007 contendentibus
1678 2976 1789 3013 ,nec

160 3030 342 3078 demum
358 3024 587 3072 euadentes
602 3024 625 3068 e*
640 3020 807 3073 funesto
821 3019 968 3086 praelio
984 3019 1203 3084 Hispanos
1212 3018 1301 3067 satis
1318 3019 1503 3086 benigne
1514 3023 1751 3090 recepisset,

161 3100 202 3145 ls
216 3111 304 3147 etat
316 3089 551 3143 inferenda:
562 3093 726 3138 iniuriae
731 3102 987 3158 praetextus:
999 3088 1224 3137 Caeterum
1232 3092 1497 3156 principatus
1511 3091 1688 3142 Etruriae
1699 3091 1794 3142 fini-
