2147 3724
844 117 1192 154 PRIMVS.
1797 128 1843 162 21

219 201 267 251 Id
283 203 308 251 fi
324 203 516 252 alacriter
530 206 786 268 egregiaque
800 198 883 246 fide
897 198 993 247 belli
1009 218 1164 246 munus
1180 198 1402 263 susciperet
1415 234 1426 250 ‚
1441 194 1564 244 breui
1588 213 1688 245 eum
1703 213 1753 244 ex
1770 215 1839 246 re-

216 277 286 334 gia
300 272 549 319 liberalitate
563 269 819 333 amplissima
834 272 1007 330 praemia
1021 267 1364 313 consecuturum.
1382 264 1562 331 Qubus
1577 264 1837 330 pollicitatio

216 341 340 387 nibus
356 344 394 387 ὅ(
411 339 600 405 praesenti
617 340 803 381 maxime
817 339 997 397 pecunia
1009 334 1217 379 addu&us
1235 336 1464 397 Virginius
1480 370 1490 386 ,
1505 349 1746 399 quanquam
1764 338 1835 379 eni

216 421 269 455 xe
284 404 630 472 improbantibus
644 406 938 465 amicis,atque
951 416 1047 446 ante
1061 399 1168 445 alios
1185 399 1574 451 Liuiano,Gallicas
1589 417 1726 465 partes
1742 399 1839 448 Ara

216 480 356 537 goniis
372 471 550 537 praetulit
563 509 572 524 ‚
596 469 663 515 vel
677 468 736 515 ob
750 468 794 514 id
808 472 936 513 etiam
952 503 963 520 ‚
978 466 1099 531 quod
1114 482 1280 511 veteres
1295 465 1437 511 hostes
1465 467 1558 512 suos
1575 467 1839 531 prosperum

218 542 540 604 Fabritiumque
555 536 793 584 Columnas
808 571 818 587 ,
831 539 903 600 qui
918 534 943 579 ὲ
957 531 1092 580 Gallis
1106 529 1366 584 defecissent,
1381 533 1495 595 apud
1511 533 1836 581 Ferdinandum

215 613 258 655 in
275 607 444 654 honore
461 605 608 652 haberi
624 641 634 657 ‚
650 602 794 669 hisque
809 600 931 667 ipsius
943 599 1106 666 oppida
1120 604 1161 645 in
1179 597 1348 652 Marfis,
1368 598 1490 644 dono
1517 598 1616 644 data
1629 597 1746 645 fuiffe
1760 618 1837 647 co-

215 673 450 740 gnouisset.
476 677 608 737 Igitur
621 689 676 717 eo
691 686 819 735 capto
832 667 1023 721 consilio,
1040 667 1161 733 quod
1176 665 1248 712 sibi
1264 671 1451 712 maxime
1466 663 1759 729 infelix,atque
1776 666 1839 712 su-

215 759 417 809 premum
434 739 513 786 fuit
527 777 537 794 ‚
552 757 684 804 quum
700 740 876 784 Petrum
889 740 930 781 in
945 736 1094 782 medio
1108 732 1399 799 gerendarum
1415 749 1559 779 rerum
1574 731 1693 780 cursu
1711 731 1839 778 desti-

215 825 376 862 tueret,
390 826 439 855 ac
453 806 566 871 signa
580 812 620 852 in
636 803 875 854 Vmbriam
888 819 1006 849 retro
1020 817 1304 854 verterentur,
1321 799 1547 846 hominem
1563 803 1650 846 eius
1667 796 1764 845 belli
1780 803 1842 847 im

217 878 420 943 prospere
433 874 608 939 suscepti
623 871 747 918 foedo
762 876 876 918 exitu
890 869 1129 937 perculsum
1146 873 1240 915 miti
1252 866 1444 933 alloquio
1458 865 1695 914 solabatur:
1711 884 1840 931 roga·

212 945 371 1009 batque
392 959 436 989 vt
451 959 575 1006 aequo
600 945 746 986 animo
761 942 886 984 nouis
910 936 1036 1003 ipsius
1060 935 1373 1001 consiliis‚quae
1388 952 1477 981 non
1493 933 1650 987 libido,
1667 933 1737 980 sed
1753 931 1842 998 ipsa

215 1010 438 1059 necessitas
451 1006 710 1073 expressisset
723 1043 733 1061 ‚
749 1006 989 1053 consentire
1002 1004 1139 1059 vellet,
1152 1008 1255 1051 acin
1268 1008 1358 1050 eius
1372 1000 1534 1050 consilii
1548 999 1747 1048 felicitate
1769 1017 1842 1047 cer

215 1094 303 1126 tam
319 1078 434 1143 spem
450 1073 691 1140 repetendae
705 1078 851 1139 patriae
865 1071 1102 1120 collocaret
1118 1091 1128 1122 ς
1144 1070 1321 1138 quando
1336 1069 1421 1137 ipse
1436 1107 1446 1124 ,
1464 1087 1542 1117 nec
1556 1072 1710 1117 veteris
1733 1071 1845 1114 ami-

217 1151 325 1194 citiae
339 1182 349 1198 ,
367 1163 446 1191 nec
458 1142 674 1190 affinitatis
690 1179 700 1197 ‚
717 1158 796 1188 nec
809 1145 1111 1187 communium
1127 1138 1368 1186 studiorum
1384 1174 1393 1192 ‚
1410 1136 1562 1204 quibus
1578 1133 1760 1183 eandem
1777 1151 1845 1180 re-

214 1213 425 1279 spicerent
439 1211 675 1257 fafflonem
690 1246 701 1264 ‚
716 1225 903 1273 vnquam
920 1206 1017 1255 effer
1031 1206 1256 1261 obliturus,
1270 1211 1505 1273 quominus
1522 1201 1725 1251 confeuo
1743 1203 1845 1249 Nea

215 1280 412 1347 politano
426 1277 558 1331 bello,
572 1275 710 1323 statim
725 1276 863 1323 multo
879 1273 1118 1322 maioribus
1134 1279 1284 1339 copiis,
1299 1278 1386 1320 eius
1401 1270 1536 1320 officii
1551 1274 1729 1336 votique
1742 1286 1845 1316 cau-

214 1348 255 1395 sa
270 1352 311 1393 in
328 1350 541 1393 Etruriam
557 1360 863 1391 reuerteretur.
896 1343 1086 1390 Medicei
1102 1341 1182 1389 hac
1196 1345 1338 1409 prima
1351 1340 1420 1407 spe
1434 1338 1550 1386 foede
1564 1339 1732 1391 deiecti,
1744 1337 1847 1383 alte-

214 1433 309 1464 rum
325 1432 486 1461 annum
501 1417 558 1459 ita
573 1417 613 1457 in
626 1410 756 1458 exilio
772 1448 783 1464 ‚
799 1415 987 1474 ocioque
1002 1408 1175 1456 fuerunt
1189 1445 1199 1463 ‚
1214 1425 1258 1456 vt
1274 1426 1490 1474 nunquam
1508 1410 1846 1452 intermitterent

213 1501 291 1549 per
304 1481 417 1530 fidos
431 1480 504 1527 sibi
519 1516 528 1534 ,
542 1477 810 1543 idoneosque
825 1477 1025 1523 homines
1041 1476 1222 1523 occultis
1240 1480 1429 1522 maxime
1443 1472 1601 1520 artibus
1616 1470 1842 1517 sollicitare

213 1556 256 1597 in
272 1549 378 1597 vrbe
394 1547 611 1594 florentia
625 1562 794 1591 veteres
807 1549 972 1590 amicos
987 1580 997 1596 ‚
1013 1558 1139 1607 atque
1156 1540 1462 1594 affines,nouos
1477 1545 1577 1586 item
1592 1555 1763 1604 parare,
1784 1542 1849 1583 in-

212 1622 441 1683 gentiaque
456 1614 635 1660 demum
651 1616 842 1677 praemia,
858 1609 925 1657 vel
940 1609 1097 1665 infimis
1113 1607 1364 1654 hominibus
1380 1606 1605 1671 polliceri,
1623 1620 1667 1650 vt
1682 1622 1758 1667 per
1769 1620 1848 1649 eos

214 1687 368 1734 creatis
383 1701 432 1729 ex
448 1685 693 1728 amicorum
718 1695 902 1724 numero
917 1674 1233 1739 magistratibus
1247 1710 1257 1727 ,
1272 1672 1414 1736 aliqua
1437 1671 1693 1718 conditione
1708 1674 1749 1714 in
1774 1687 1848 1733 pa·-

214 1757 341 1799 triam
357 1749 683 1796 reducerentur.
720 1748 807 1790 Iam
823 1747 938 1789 enim
965 1740 1190 1806 plerosque
1205 1738 1373 1785 nobiles
1395 1742 1433 1785 ὅ(
1448 1737 1679 1801 opulentos
1714 1742 1849 1790 ciues,

214 1824 304 1867 eius
321 1815 590 1880 Reipublicae
603 1811 776 1858 toedium
792 1824 980 1875 coeperat
995 1845 1004 1861 ,
1019 1825 1151 1873 quum
1171 1813 1213 1853 in
1229 1810 1433 1853 Senatum
1449 1805 1642 1870 plerique
1656 1803 1843 1849 audaces

213 1883 460 1949 semiplebei
477 1918 486 1934 ‚
505 1878 761 1944 egentesque
778 1876 977 1923 homines
993 1873 1231 1939 irrupissent
1245 1911 1256 1928 ,
1272 1879 1343 1939 qui
1359 1876 1541 1939 patritiis
1558 1870 1780 1935 despecti&
1796 1887 1853 1917 ne

213 1968 430 2019 quaquam
455 1949 756 1995 sententiarum
780 1944 978 2008 pondere
991 1980 1001 1996 ‚
1018 1942 1087 1989 sed
1103 1940 1402 2007 suffragiorum
1419 1957 1606 1987 numero
1623 1974 1632 1991 ,
1647 1938 1700 1984 de
1715 1941 1852 1983 maxi-

213 2023 298 2067 mis
314 2022 428 2084 pacis
441 2034 489 2063 ac
504 2013 604 2062 belli
621 2011 869 2059 muneribus
883 2008 1177 2058 decernebant
1189 2048 1200 2064 ,
1217 2009 1416 2074 adeoque
1441 2004 1677 2073 patefa&us
1700 2009 1855 2053 eratin

213 2088 397 2135 Curiam
412 2083 550 2130 aditus
568 2118 578 2135 ‚
593 2097 638 2127 vt
652 2080 754 2144 saepe
769 2078 822 2126 ab
838 2077 1025 2125 officinis
1041 2076 1254 2124 sellulariis
1267 2114 1278 2132 ‚
1294 2076 1516 2140 desumpta
1528 2073 1583 2120 ad
1597 2089 1767 2137 ternpus
1782 2086 1855 2117 to-

213 2159 322 2219 gain
338 2149 560 2200 confilium
578 2154 726 2194 iretur.
768 2149 954 2212 Eratque
968 2162 1058 2191 tum
1076 2149 1264 2191 maxime
1289 2142 1512 2210 popularis
1540 2144 1853 2201 Hieronymus

214 2217 494 2270 Sauonarola‚
509 2220 531 2262 e
548 2217 636 2263 diui
652 2217 883 2260 Dominici
896 2210 1202 2265 ordine‚literis
1216 2214 1256 2258 ὅ(
1271 2208 1516 2258 admirabili
1530 2208 1763 2273 praesertim
1779 2205 1855 2252 elo

215 2293 394 2355 quentia
411 2284 580 2349 infignis
597 2320 606 2336 ‚
622 2288 692 2347 qui
710 2286 750 2327 in
765 2280 888 2327 sacris
902 2277 1190 2326 concionibus
1204 2311 1215 2328 ,
1231 2281 1328 2324 &in
1344 2280 1522 2343 priuatis
1546 2274 1780 2337 colloquiis
1794 2277 1855 2319 ita

216 2354 506 2403 multitudinis
522 2355 693 2398 animos
708 2353 917 2413 opinione
931 2347 1100 2390 virtutis
1116 2353 1322 2403 coeperat,
1336 2354 1382 2384 vt
1397 2342 1516 2383 illum
1541 2356 1688 2384 rerum
1704 2341 1854 2384 omni-

213 2441 290 2469 um
307 2458 317 2475 ‚
333 2439 426 2486 quae
440 2416 901 2468 imminebant‚verum
916 2425 1074 2461 vatem,
1087 2406 1371 2469 diuinumque
1386 2403 1632 2468 deprauatis
1650 2406 1852 2451 moribus

218 2489 442 2536 censorem
463 2485 577 2532 coelo
594 2482 760 2529 miss'um
781 2478 1023 2526 crederent.
1047 2476 1344 2537 Creueratque
1360 2477 1397 2518 ei
1413 2487 1534 2517 tanto
1547 2469 1701 2518 assensu
1713 2471 1852 2519 autho

218 2562 551 2619 ritas,perpetuo
566 2557 710 2596 omnis
726 2551 895 2611 generis
914 2543 1144 2590 hominum
1159 2539 1360 2603 sexusque
1373 2542 1412 2586 ὅ(
1429 2546 1560 2584 aetatis
1578 2537 1720 2585 studio
1737 2537 1851 2586 colle

219 2627 298 2676 eta,
320 2638 364 2668 vt
379 2619 483 2666 nihil
498 2623 673 2683 priuatis
689 2620 732 2660 in
749 2611 958 2662 domibus
973 2648 983 2664 ‚
999 2607 1104 2656 nihil
1117 2613 1158 2654 in
1175 2610 1329 2654 Senatu
1344 2643 1355 2660 ,
1369 2604 1453 2651 slne
1467 2611 1556 2652 eius
1573 2611 1652 2652 viri
1669 2605 1851 2653 consilio

219 2693 334 2738 reste
349 2692 438 2753 geri
460 2683 576 2752 posse
591 2683 826 2730 videretur.
857 2683 895 2726 Is
911 2677 1119 2725 Mediceo
1145 2677 1519 2722 nominimaxime
1543 2690 1633 2720 erat
1660 2671 1855 2728 infestus,

221 2754 587 2824 oppugnabatque
603 2768 700 2798 eum
717 2745 984 2812 Reipublicae
1001 2744 1172 2797 statum,
1185 2758 1314 2808 quem
1327 2757 1567 2807 paucorum
1585 2745 1852 2805 potentium,

220 2831 280 2873 vti
296 2815 850 2889 praedicabat,vis&libido
876 2831 1025 2879 regere
1041 2810 1193 2878 poffet.
1231 2808 1370 2857 Obid
1397 2813 1612 2856 ciuitatem
1639 2812 1683 2853 in
1708 2823 1854 2872 partes

223 2898 310 2941 iam
325 2887 448 2956 plane
461 2887 769 2938 diduxerat‚ita
787 2899 830 2929 vt
843 2883 868 2928 ὲ
881 2880 1083 2947 grauibus
1105 2878 1297 2944 sanisque
1323 2876 1490 2925 ciuibus
1516 2893 1604 2922 non
1629 2875 1773 2939 inepte
1789 2892 1856 2921 re-

223 2955 581 3028 prehenderetur,
601 2952 720 3018 quod
737 2952 761 2997 ὲ
774 2949 982 3014 religione
999 2948 1336 3012 diuinarumque
1358 2961 1502 2992 rerum
1517 2941 1860 3007 contemplatio-

225 3020 566 3083 ne,ambtti0stus
578 3020 711 3086 quam
726 3018 934 3068 sacratum
949 3020 1093 3066 virum
1107 3012 1358 3071 deceret,ad
1373 3015 1520 3062 munia
1533 3009 1730 3077 regenda:
1748 3011 1858 3058 Rei·
