2147 3724
908 116 947 149 12'
965 109 999 148 R
1020 113 1048 146 ‘1
1084 111 1124 147 M
1162 112 1201 147 ν
1234 115 1268 149 s.
1848 96 1896 163 57

283 203 380 236 cum
394 185 542 253 insigni
558 191 766 236 comitatu
780 186 834 234 ad
849 189 1148 235 Innocentium
1164 188 1326 238 misera.
1344 186 1615 252 dederatque
1632 191 1667 232 ei
1684 205 1897 251 pra-cepta

279 254 454 301 summa·
468 255 591 319 plena
603 254 839 318 prudentia:
862 255 1062 318 peculiari
1078 255 1222 301 libello
1247 256 1301 302 ad
1327 255 1630 301 honestissima:
1656 261 1750 300 virae
1765 274 1895 302 ratio,

280 340 382 370 nem
397 322 650 385 conscripta,
665 321 776 366 adeo
790 327 908 385 graui
926 321 1125 368 &salubri
1141 339 1500 387 temperamento.
1519 340 1561 368 vt
1578 341 1707 385 quum
1723 328 1762 367 in
1778 323 1892 386 splen

279 389 388 436 dore
402 405 526 454 atque
541 388 749 451 elegantia
764 392 983 434 actionum
1000 393 1212 442 omnium,
1230 408 1360 434 vnum
1378 396 1560 434 maxime
1574 391 1737 436 sacratoe
1753 391 1894 453 digni-

277 462 373 502 tatis
387 473 549 501 nomen
572 459 679 500 tueri
705 453 831 500 vellet
847 491 858 507 ,
877 458 919 500 in
932 454 1020 500 filio
1036 471 1180 501 tamen
1195 461 1282 501 cius
1309 461 1437 501 oetatis
1462 475 1706 519 praetenerze
1733 475 1892 522 nequa-

277 540 406 587 quam
423 520 758 568 obliuisceretur.
786 524 1006 568 Caeterum
1034 525 1214 568 Ioannes
1229 522 1350 585 supra
1374 521 1586 567 bonarum
1612 530 1762 570 artium
1780 529 1894 570 noti«.

276 594 450 642 tiam,ex
466 607 514 635 ea
529 587 749 652 disciplina
762 586 814 635 ab
831 587 1093 636 humanitate
1117 589 1401 653 suauitateque
1415 594 1571 650 ingenii
1590 590 1789 636 omnibus
1806 598 1893 638 iam

272 655 441 708 charus,
453 654 527 702 vbi
543 655 597 702 de
612 671 754 702 morte
767 661 898 721 patris
914 660 1113 704 nuncium
1127 661 1292 721 accepit
1306 692 1316 709 ,
1332 672 1541 702 continuo
1557 655 1817 702 Florentiam
1832 657 1892 703 est

273 723 479 770 reuersus,
507 721 757 770 Abeuntem
775 722 989 777 Pontifex,
1004 739 1048 770 vt
1063 724 1223 789 aliquid
1238 723 1290 770 ad
1306 723 1547 786 augendam
1566 721 1689 769 studii
1703 729 1890 788 gratizq.

273 789 438 837 famam
451 794 591 836 iuueni
606 790 778 836 summae
794 789 954 837 indolis
967 809 1016 838 ac
1028 795 1182 856 optimi
1197 796 1274 837 viri
1290 795 1419 856 patris
1434 808 1659 836 memoriae
1673 792 1893 843 daret‚toti

272 874 321 904 us
338 859 515 903 Etruriae
528 856 752 921 legationis
768 857 937 904 honore
950 857 1183 905 liberaliter
1197 857 1569 920 honestauit.Qa
1582 876 1662 904 vna
1679 856 1893 904 existima-

271 929 405 972 tionis
419 923 908 989 amplificatione,magis
923 943 972 972 ac
988 930 1124 990 magis
1141 926 1195 972 ad
1210 924 1561 972 confirmandum
1577 944 1671 972 reru
1680 945 1720 970 m
1737 923 1893 971 statum

271 990 437 1050 ciuibus
456 991 714 1038 Florentinis
739 1007 887 1039 natura
912 992 1207 1040 commutadae
1223 991 1488 1056 Reipublicae
1513 992 1754 1057 percupidis
1770 997 1894 1038 omni

272 1075 332 1105 no
347 1057 647 1106 conciliaretur
660 1096 669 1106 .
696 1062 841 1124 ltaque
855 1065 1042 1124 paternis
1055 1064 1205 1107 amicis
1221 1057 1424 1123 praeclare
1441 1058 1794 1111 adiuuantibus‚&
1814 1061 1897 1104 Pe<

272 1139 343 1173 tro
358 1125 488 1173 fratre
500 1126 555 1172 ad
571 1125 840 1192 Reipublicae
854 1126 1145 1190 gubernacula
1161 1126 1478 1180 costitutomon
1492 1126 1631 1173 multo
1645 1125 1740 1191 post
1753 1127 1807 1172 ad
1825 1127 1896 1173 Vr

271 1190 375 1240 bem
389 1193 516 1247 redit,
530 1193 756 1259 paucisque
769 1194 872 1241 inde
886 1194 1039 1241 diebus
1056 1197 1331 1242 Innocentius
1347 1199 1542 1241 moritur.
1559 1197 1603 1240 In
1620 1193 1825 1242 comitiali
1842 1211 1896 1239 ve

269 1278 324 1307 ro
339 1265 621 1309 contentione
634 1298 645 1316 ,
661 1279 745 1327 qua
760 1260 1005 1309 Alexander
1020 1265 1170 1309 Sextus
1187 1260 1389 1309 Pontifex
1405 1261 1463 1308 est
1477 1279 1745 1310 renunciatus
1762 1298 1773 1314 ,
1789 1259 1895 1307 nihil

269 1326 502 1375 sibiiuueni
516 1326 734 1375 honestius
750 1328 1022 1394 duxit,quam
1038 1329 1209 1376 duobus
1224 1329 1351 1393 longe
1364 1328 1710 1394 praestantissimis
1722 1328 1898 1376 cardina

266 1394 381 1445 libus
399 1394 608 1443 adhaesiffe
622 1432 633 1450 ‚
650 1414 838 1462 quorum
853 1395 1025 1443 consilia
1040 1414 1090 1444 ac
1113 1396 1418 1444 authoritatem
1443 1401 1486 1443 in
1501 1395 1682 1444 ferendo
1696 1394 1899 1459 suffragio

270 1466 533 1529 sequeretur.
548 1466 685 1510 litum
701 1478 819 1511 erant
834 1464 1077 1510 Franciscus
1093 1462 1509 1528 Picolomineus,qui
1526 1463 1672 1527 postea
1684 1469 1792 1508 inito
1808 1479 1900 1527 pon

270 1533 552 1584 tificatu‚1>ius
567 1529 746 1576 Tertius
761 1529 820 1576 est
834 1528 1068 1594 appellatus
1082 1566 1092 1583 ,
1105 1532 1146 1576 ὅ(
1160 1529 1380 1576 Oliuerius
1396 1529 1553 1577 Carafa
1565 1567 1574 1583 ,
1592 1535 1700 1576 inter
1716 1533 1897 1576 Senato-

272 1618 342 1648 res
357 1602 446 1644 eius
461 1605 592 1643 aetatis
608 1601 796 1643 maxime
809 1595 1094 1661 illustris.Qi
1110 1595 1272 1642 tametsi
1286 1601 1324 1642 in
1342 1597 1584 1661 Republica
1598 1603 1716 1659 graui
1735 1601 1896 1659 pioque

274 1667 441 1714 iudicio
457 1663 637 1711 meliora
651 1662 1218 1728 prospicerent.turbulentis
1232 1679 1376 1707 tamen
1392 1667 1678 1708 comitiorum
1703 1661 1902 1707 fluctibus

272 1734 571 1799 abrepti‚quos
585 1729 637 1776 ab
655 1729 795 1776 insana
809 1727 1060 1776 diffensione
1078 1728 1252 1774 deducti
1269 1727 1460 1793 plerique
1474 1727 1539 1773 alii
1557 1727 1791 1774 cardinales
1804 1732 1900 1774 exci

273 1816 414 1849 tarant
427 1836 438 1852 ‚
452 1803 556 1863 quin
574 1798 831 1844 deterrimus
847 1799 933 1842 eius
950 1795 1115 1841 ordinis
1131 1811 1348 1842 crearetur
1361 1831 1371 1848 ,
1388 1794 1575 1841 resistere
1599 1801 1902 1861 nequiuerunt.

275 1871 454 1917 Horum
470 1863 594 1911 facile
607 1869 807 1928 princeps
822 1867 961 1908 extitit
978 1860 1183 1909 Ascanius
1199 1860 1455 1927 Sfortia‚qui
1471 1881 1571 1910 cum
1587 1881 1698 1910 c-aeca
1712 1862 1909 1909 ambitio⁴

275 1953 330 1982 ne
344 1935 607 1996 auaritiaque
634 1945 888 1994 corruptus,
904 1929 957 1976 de
981 1947 1110 1976 manu
1137 1929 1443 1977 sacrosan&arn
1467 1929 1721 1977 Alexandro
1746 1934 1902 1976 tiaram

271 1997 536 2066 imposuisset
548 2034 559 2052 ‚
577 1996 798 2062 aliquanto
811 1995 908 2062 post
921 2001 964 2042 in
976 2000 1147 2060 ingrato
1160 1996 1364 2061 pontifice
1376 1996 1599 2063 perfidiam
1615 2011 1828 2062 expertus,
1845 1997 1903 2042 de·

272 2069 384 2118 bitas
401 2064 587 2113 scelerati
602 2063 984 2129 studiivenalisque
1007 2062 1190 2128 suffragii
1218 2082 1364 2128 poenas
1390 2064 1606 2130 persoluit.
1645 2066 1747 2111 Nec
1760 2063 1903 2111 multo

273 2133 389 2203 post,
403 2139 447 2180 in
463 2131 628 2179 Italiam
644 2136 800 2196 ingruit
816 2131 1001 2178 Carolus
1015 2133 1209 2177 oaauus
1225 2130 1458 2178 Gallorum
1473 2150 1546 2179 rex
1558 2169 1569 2186 ,
1583 2131 1787 2178 exitiabili
1802 2130 1901 2178 dissi

274 2203 352 2251 dio
367 2200 649 2265 singularique
665 2199 885 2245 dementia
898 2197 1148 2245 nostrorum
1162 2203 1409 2263 principum
1424 2216 1642 2254 e-uocatu5‚
1661 2199 1784 2263 supra
1797 2200 1902 2244 terri

273 2269 383 2318 biles
396 2271 544 2333 copias
568 2264 767 2314 inusitato
791 2270 918 2312 etiam
933 2264 1169 2312 currulium
1184 2280 1508 2313 tormentorum
1533 2281 1736 2332 apparatu
1751 2266 1903 2311 cun&a

274 2335 567 2404 prosternens.
593 2332 771 2380 Petebat
785 2338 818 2378 is
834 2331 1175 2396 Neapolitanum
1201 2349 1383 2393 regnum
1400 2333 1647 2395 impellente
1672 2329 1903 2376 L-udouico

277 2403 456 2456 Sfortia,
469 2417 515 2448 vt
532 2399 701 2447 Alfonsi
717 2404 828 2463 regis
841 2398 1006 2463 spiritus
1022 2433 1032 2450 ,
1047 2397 1340 2442 immoderata
1354 2396 1520 2461 semper
1535 2401 1776 2462 appetentis
1795 2433 1805 2449 ‚
1820 2401 1904 2442 irn-

279 2469 403 2519 miffo
417 2484 535 2515 tanto
550 2466 672 2514 hoste
686 2465 1133 2529 frangerentur.Erant
1148 2480 1248 2510 cum
1266 2466 1499 2527 Aragoniis
1514 2468 1704 2510 amicitia
1718 2460 1905 2509 foedere-

281 2554 366 2605 que
381 2537 595 2584 coniunffi
611 2572 625 2588 ‚
642 2532 890 2580 Alexander
902 2528 1121 2583 Pontifex,
1137 2533 1177 2576 ὅ(
1192 2532 1344 2578 Petrus
1360 2530 1552 2577 Medices
1568 2567 1578 2584 ‚
1596 2535 1770 2594 egregio
1786 2545 1905 2577 certe

280 2608 459 2669 ingenio
474 2605 655 2653 iuuenis,
668 2599 740 2646 sed
753 2605 906 2648 virtute
921 2596 1181 2662 fortunaque
1194 2602 1304 2662 patri
1319 2597 1541 2644 dissimilis,
1571 2601 1715 2662 Itaque
1730 2602 1767 2643 ei
1783 2601 1903 2645 conti

282 2679 407 2738 git,vt
421 2667 707 2716 descendente
722 2684 798 2731 per
814 2666 1024 2731 Apuanos
1040 2667 1218 2728 Ligures
1235 2663 1365 2711 Gallo
1378 2663 1487 2711 hosti
1504 2669 1666 2729 primus
1682 2671 1827 2728 copias
1843 2681 1906 2728 op

283 2752 483 2806 poneret,
496 2752 588 2800 quae
602 2732 718 2781 sicuti
733 2751 810 2799 per
822 2731 858 2779 se
872 2736 1034 2797 exiguae
1048 2768 1059 2784 ,
1076 2734 1116 2778 ὅ(
1132 2729 1251 2778 nullo
1266 2767 1277 2784 ‚
1292 2735 1351 2777 vti
1380 2737 1424 2777 in
1437 2731 1567 2796 longa
1578 2749 1682 2797 pace
1695 2768 1705 2784 ‚
1722 2730 1817 2777 belli
1833 2733 1905 2777 vsu

289 2808 530 2854 exercitatae
545 2815 664 2848 erant
676 2837 686 2854 ,
702 2804 758 2846 ita
770 2814 943 2865 repente
956 2797 1009 2845 ab
1022 2797 1084 2845 ala
1099 2797 1331 2846 Gallorum
1346 2803 1539 2864 equitum
1554 2835 1563 2852 ‚
1579 2803 1690 2845 circa
1707 2800 1905 2844 Macram

287 2888 462 2921 amnem
477 2872 668 2933 protritae
679 2865 861 2932 fusaeque
877 2864 981 2913 sunt.
995 2865 1100 2913 Inde
1114 2868 1265 2912 Petrus
1280 2879 1395 2913 tanta
1410 2865 1506 2912 belli
1539 2864 1654 2912 mole
1669 2863 1905 2912 incumben

287 2945 320 2989 ti
334 2935 499 2986 Carolo
514 2933 636 2982 facile
648 2932 861 2999 impar,ad
875 2951 988 2988 eum,
1003 2938 1090 2981 iam
1105 2935 1359 2997 sergianum
1375 2932 1589 2999 oppidum
1605 2936 1831 2979 tormentis
1847 2950 1905 2993 op

288 2999 758 3074 pugnantem‚suscept0
770 3000 1000 3068 legationis
1015 3017 1193 3050 munere
1208 2999 1448 3058 contendit,
1465 3015 1509 3050 vt
1520 3017 1626 3068 pace
1642 2998 1822 3064 quaeiita,
1839 3016 1909 3045 az·-

1547 3069 1583 3119 Β
1652 3071 1718 3114 iii
