2147 3724
854 152 1294 191 TERTIVS.
1757 151 1819 216 ⁶7

193 255 288 285 rum
306 233 746 301 superarat‚fremente
762 233 992 282 Ludouico
1007 241 1193 300 quicum
1210 252 1354 300 regem
1372 234 1444 282 sibi
1460 234 1632 283 affinem
1649 239 1745 284 &in
1759 239 1815 286 cli

194 303 376 352 entelam
395 304 417 347 ὲ
434 300 582 348 Galliae
602 300 773 364 regibus
797 306 1028 365 antiquitus
1056 320 1279 366 receptum
1305 309 1489 350 omnino
1516 304 1815 353 reducendum

191 371 269 418 effe
285 369 513 418 censuerat.
531 371 719 413 Britanni
736 385 909 431 qnoque
925 374 1084 414 interea
1100 370 1210 415 duce
1238 370 1447 416 Dorsetio
1473 374 1710 436 Aquitaniz'i
1732 390 1818 438 qua

192 438 434 486 Cantabriae
448 439 636 497 iungitur
651 435 704 479 ad
719 432 885 479 fontem
917 433 1139 479 Rabidum
1158 435 1352 500 exposito
1370 443 1555 484 exercitu
1578 455 1689 486 terra
1704 446 1815 486 mari

190 524 271 570 que
287 501 410 550 effuse
426 499 702 552 vastauerant‚
722 499 924 564 Gallique
940 503 976 546 ὅ(
995 503 1183 545 Britanni
1199 501 1403 548 ambustis
1427 511 1627 570 vti-inque
1642 506 1815 553 excelsis

188 573 351 635 aliquot
366 568 543 615 nauibus
559 572 663 613 inari
680 568 782 633 saepe
797 567 1472 633 contenderant‚Ludouicusipse
1487 572 1816 635 expeditionem

186 646 228 685 in
247 637 406 684 ltaliam
423 637 565 682 audita
582 652 723 681 morte
739 634 954 700 pontificis
969 639 1152 699 impigre
1165 634 1341 699 parabat
1357 636 1436 681 :ab
1454 639 1648 684 Henrico
1663 646 1811 703 magni

187 710 396 752 exercitus
413 710 606 767 ingentes
622 700 775 755 classes,
792 716 836 746 vt
849 702 933 766 ipse
947 707 989 747 in
1006 701 1191 748 Galliam
1207 706 1445 754 traiiceret,
1461 701 1595 750 effusis
1621 712 1812 769 paternis

187 773 387 819 thesauris
402 770 688 816 ornabantur.
715 770 882 814 Contra
898 768 1076 816 lacobus
1093 772 1248 815 Scotiae
1263 787 1334 814 rex
1351 770 1376 814 Ξι
1391 769 1524 816 Gallo
1548 777 1730 836 pecunia
1745 777 1813 820 in-

186 843 336 887 ducius
351 875 360 892 ‚
376 843 431 884 ita
447 841 593 902 copias
609 835 784 900 parabat
797 873 807 890 ‚
823 853 867 882 vt
883 836 1127 883 discedente
1141 838 1336 882 Henrico
1351 842 1482 883 totius
1499 840 1731 886 Britanniae
1745 858 1815 887 re-

186 925 319 972 gnum
335 905 693 951 inuaderet.Ante
709 902 788 950 alia
807 907 968 952 Veneti
984 904 1008 948 31
1021 902 1145 950 sociis
1158 903 1529 967 impudentissime
1547 906 1814 972 decepti,ex-

185 972 281 1021 clusi
298 976 437 1019 Brixia
453 1009 462 1024 ‚
478 975 517 1019 δέ
532 988 683 1018 contra
699 976 759 1017 ius
775 974 814 1018 &
830 988 998 1036 aequum
1014 973 1053 1017 ὅ(
1069 976 1252 1017 recentis
1268 968 1444 1017 foederis
1459 970 1574 1036 leges
1602 974 1813 1022 omnibus

189 1046 350 1087 iniuriis
366 1039 637 1103 exagitati,ad
655 1037 829 1085 Gallum
845 1053 1231 1091 recurrerant‚cum
1247 1055 1301 1084 eo
1316 1043 1384 1103 qui
1399 1057 1449 1085 ex
1464 1037 1657 1087 hostibus
1669 1040 1816 1107 ipsort'i

184 1113 351 1155 nomini
369 1105 666 1152 infensissimus
683 1104 878 1152 extitiffet
892 1143 905 1159 ‚
919 1104 1059 1152 foedus
1074 1103 1384 1169 percusserant.
1412 1105 1593 1172 Qibus
1608 1107 1663 1155 de
1679 1106 1813 1157 caufis

185 1180 277 1222 Leo
296 1192 429 1240 quum
447 1172 547 1219 nihil
563 1171 635 1219 sibi
650 1172 718 1219 vel
733 1179 860 1219 tutius
873 1171 940 1219 vcl
955 1171 1171 1220 honestius
1188 1170 1267 1219 effe
1281 1171 1431 1238 posset,
1448 1174 1654 1222 lulianum
1670 1173 1814 1223 foedus

183 1243 346 1290 seruare
361 1279 371 1294 ,
387 1245 427 1288 ὅ(
443 1239 618 1287 eosdem
634 1240 776 1287 socios
791 1238 981 1304 quosille
997 1238 1201 1287 habuisset
1226 1240 1431 1288 adiuuare
1456 1240 1703 1291 constituit:
1717 1261 1769 1291 ne
1783 1241 1815 1291 fi

183 1311 351 1356 medius
367 1314 477 1354 inter
492 1306 741 1355 dissidentes
755 1306 1152 1373 intempestiuaeque
1168 1312 1283 1373 pacis
1299 1306 1459 1356 arbiter
1472 1308 1552 1357 effe
1564 1309 1692 1358 vellet
1704 1348 1716 1365 ,
1731 1314 1770 1359 δ(
1786 1310 1814 1357 ἒί

182 1382 302 1424 victis
318 1382 475 1442 pariter
491 1379 529 1423 ὅ(
547 1376 571 1421 ὲ
587 1374 820 1422 νίᾶοῐίὺυς
835 1374 888 1421 ab
901 1375 1085 1440 Vtrisque
1101 1375 1319 1440 despectus
1333 1393 1423 1423 non
1444 1377 1585 1424 modo
1599 1378 1754 1424 odium
1769 1380 1813 1425 ὅ(

183 1443 525 1491 incommodum
541 1480 550 1495 ,
567 1443 636 1489 sed
650 1442 903 1507 singularem
917 1448 1045 1489 etiam
1061 1440 1285 1488 infamiam
1299 1459 1482 1507 pararet.
1511 1447 1593 1490 His
1607 1449 1735 1491 initiis
1750 1444 1816 1492 su-

183 1511 414 1577 sceptisque
433 1508 616 1556 consiliis
629 1510 683 1556 ad
697 1509 982 1574 prouehenda
997 1510 1176 1555 demum
1191 1509 1526 1576 exornandaque
1542 1505 1812 1576 optimarum

180 1580 401 1626 literarum
419 1576 553 1623 studia
579 1576 709 1640 longe
724 1581 924 1622 omnium
950 1574 1241 1622 liberalissime
1253 1580 1444 1622 animum
1472 1583 1714 1626 conuertit:
1728 1596 1812 1644 qua

179 1665 260 1693 vna
274 1643 476 1709 peculiari
490 1643 613 1690 laude
628 1642 812 1689 Cosmus
829 1658 1014 1707 proauus
1041 1646 1080 1689 ὅ(
1094 1657 1214 1705 pater
1238 1646 1492 1687 Laurentius
1517 1648 1694 1706 priuatis
1707 1650 1813 1693 viris

179 1718 323 1779 potius
336 1712 467 1777 quam
483 1710 893 1775 principib.fortuna
907 1708 1291 1761 similes,summam
1308 1706 1382 1752 sibi
1409 1710 1448 1753 ὃ(
1465 1707 1647 1772 posteris
1663 1708 1815 1759 clarita

179 1784 220 1827 τῦ
236 1777 501 1845 peperissent.
532 1780 644 1822 Ante
660 1781 806 1822 omnia
822 1775 876 1822 ab
889 1773 1080 1839 epistolis
1094 1772 1291 1838 singulari
1306 1773 1471 1820 iudicio
1485 1774 1558 1821 sibi
1574 1775 1808 1843 desumpsit

179 1852 353 1895 Petrum
373 1845 586 1891 Bembum
604 1842 864 1890 &Iacobum
882 1841 1149 1895 Sadoletum‚
1167 1845 1238 1905 qui
1254 1857 1433 1888 caeteros
1448 1860 1599 1889 omnes
1615 1842 1813 1892 literatos

179 1918 393 1961 Romana:
407 1911 661 1976 eloquentiae
677 1908 870 1956 laudibus
884 1907 1118 1956 anteibant.
1154 1910 1380 1957 Vaticanae
1394 1910 1503 1955 vero
1532 1909 1811 1960 bibliothecae

177 1979 440 2029 Beroaldum
455 1985 668 2024 iuniorem
687 1975 879 2042 praefecit
892 2013 903 2030 ,
918 1982 960 2022 in
974 1975 1208 2024 scribendis
1222 1978 1340 2023 Odis
1359 1977 1600 2024 Horatiana
1613 1979 1813 2026 iucundi-

175 2067 260 2097 tate
276 2046 609 2112 praecellentem.
636 2043 926 2106 Gymnasium
943 2047 1048 2090 verb
1072 2047 1217 2091 accitis
1241 2043 1436 2108 vndique
1459 2043 1811 2109 grauissimarum

175 2123 330 2165 artium
347 2112 657 2180 proseisoribus
673 2118 729 2158 ita
743 2110 1054 2163 instaurauit,vt
1068 2128 1206 2176 neque
1221 2111 1645 2177 Bononienfi‚neque
1659 2115 1811 2161 Pataui

175 2204 247 2239 no,
264 2182 329 2230 vel
344 2183 576 2228 doctorum
593 2178 829 2244 przestantia
843 2177 910 2225 vel
925 2178 1177 2225 auditorum
1191 2178 1401 2225 concursu
1417 2179 1663 2227 concedere
1678 2180 1802 2227 vide-

174 2270 304 2300 retur.
323 2247 585 2313 Augustinus
602 2245 819 2294 sneisanus
835 2245 1215 2310 philosophiam&
1230 2243 1576 2310 Christophorus
1594 2247 1804 2294 Aretinus

176 2320 438 2367 medicinam
454 2314 766 2382 profitebantur
779 2351 790 2360 .
821 2315 1127 2373 Hieronymus
1143 2310 1351 2374 Butigella
1366 2316 1467 2356 iuris
1482 2310 1701 2359 scientiam
1718 2314 1804 2360 do-

177 2388 361 2433 cebat.ln
380 2381 670 2430 humaniorib.
688 2379 832 2426 studiis
857 2378 1103 2425 eruditione
1118 2375 1212 2423 stilo
1237 2381 1277 2424 ὃ(
1293 2375 1540 2442 eloquentia
1556 2377 1802 2427 Parrhasius

174 2453 429 2501 Cosentinus
459 2466 547 2496 erat
561 2449 745 2512 insignis,
779 2450 824 2492 In
840 2448 1005 2492 Graecis
1018 2443 1153 2490 literis
1166 2442 1383 2490 eminebat
1400 2442 1575 2491 Basilius
1588 2445 1810 2495 Calchon-

177 2519 300 2577 dvles
315 2557 324 2572 ,
340 2524 427 2564 eius
445 2520 661 2563 Demetrii
674 2514 782 2560 filius
797 2550 807 2567 ‚
823 2519 893 2578 qui
910 2511 1034 2577 ipsius
1048 2511 1269 2577 pontificis
1295 2514 1337 2557 in
1360 2509 1649 2561 adolescentia
1661 2511 1804 2562 fuerat

176 2578 432 2654 praeceptor.
451 2584 649 2647 Singulos
666 2585 770 2627 vero
786 2581 851 2627 vel
863 2579 1099 2627 mediocris
1112 2583 1197 2625 etiii
1213 2582 1404 2625 nominis
1418 2587 1587 2644 po'etaS,
1602 2582 1641 2628 &
1656 2586 1806 2648 exqui-

176 2655 258 2702 sitis
274 2646 641 2714 nobilioribusque
655 2648 811 2695 artibus
827 2645 1050 2694 instructos
1063 2660 1177 2693 tanta
1191 2645 1451 2711 benignitate
1465 2644 1713 2713 suscipiebat
1727 2686 1738 2703 ‚
1752 2663 1801 2697 vt

176 2739 329 2768 omnes
345 2726 428 2765 iam
444 2734 633 2764 excitatis
649 2721 801 2763 animis
817 2714 868 2762 ab
882 2713 1121 2762 excolenda
1135 2712 1356 2760 literarum
1371 2711 1508 2760 studia
1521 2713 1804 2764 vehementer

176 2788 526 2837 accenderentur,
543 2802 676 2848 quum
693 2782 745 2829 ab
760 2799 881 2829 tanto
895 2800 1122 2829 armorum
1143 2779 1332 2846 strepitu,
1347 2798 1437 2846 quo
1453 2780 1655 2845 negleffls
1668 2781 1802 2830 literis

177 2856 267 2903 lulii
285 2872 404 2900 aures
420 2870 686 2916 magnopere
700 2849 942 2914 gaudebant
965 2887 976 2903 ,
992 2849 1164 2896 tandem
1181 2852 1324 2894 virtuti
1348 2847 1466 2894 locus
1478 2847 1711 2914 patefafius
1725 2850 1807 2899 effe

177 2924 393 2970 videretur
411 2958 417 2966 .
435 2920 541 2984 Qa
557 2918 622 2983 spe
637 2916 880 2964 felicissirne
893 2932 1116 2981 concepta,
1128 2915 1182 2962 ab
1196 2914 1376 2963 eruditis
1392 2915 1437 2962 id
1452 2933 1625 2964 carmen
1640 2921 1684 2963 in
1698 2935 1800 2965 arcu

178 2986 423 3053 triumphali
439 2988 492 3033 ad
511 2986 718 3032 Hadriani
734 3000 915 3047 pontem
931 2983 989 3032 est
1005 2984 1363 3049 inscriptum,quo
1377 2982 1644 3049 superiorum
1658 2992 1808 3051 ponti-

177 3059 307 3106 ficum
323 3072 467 3103 mores
482 3071 580 3101 cum
597 3057 754 3101 Leonis
769 3052 892 3100 laude
905 3051 1170 3119 lepidissime
1183 3050 1460 3099 notabantur.
1696 3094 1699 3096 ,

1447 3120 1479 3166 F
1549 3121 1646 3165 iiii
